
@online{noauthor_new_2016,
	title = {New Research Finds Majority of Americans Lack Lawn Care Knowledge},
	url = {https://www.businesswire.com/news/home/20160328005521/en/New-Research-Finds-Majority-Americans-Lack-Lawn},
	abstract = {The National Association of Landscape Professionals is kicking off National Lawn Care Month this April by releasing the results of a survey that takes},
	author = {National Association of Landscape Professionals },
	urldate = {2020-09-11},
	date = {2016-03-28},
	langid = {english},
	file = {Snapshot:/home/liu/Zufiles/Zotero/storage/MKKSHX38/New-Research-Finds-Majority-Americans-Lack-Lawn.html:text/html},
	note = {Available at https://www.businesswire.com/news/home/20160328005521/en/New-Research-Finds-Majority-Americans-Lack-Lawn}
}

@online{noauthor_new_2019,
	title = {New Research Confirms Americans Still Value Lawns and Green Spaces},
	url = {https://www.businesswire.com/news/home/20190401005679/en/New-Research-Confirms-Americans-Lawns-Green-Spaces},
	abstract = {The National Association of Landscape Professionals announces new findings in celebration of Aprilâ€™s National Lawn Care Month.},
	author = {National Association of Landscape Professionals },
	urldate = {2020-09-11},
	date = {2019-04-01},
	langid = {english},
	file = {Snapshot:/home/liu/Zufiles/Zotero/storage/AP3J4QR3/New-Research-Confirms-Americans-Lawns-Green-Spaces.html:text/html},
	note = {Available at https://www.businesswire.com/news/home/20190401005679/en/New-Research-Confirms-Americans-Lawns-Green-Spaces}
}

@online{epa_outdoor_nodate,
	title = {Outdoor Water Use in the United States},
	url = {https://19january2017snapshot.epa.gov/www3/watersense/pubs/outdoor.html},
	abstract = {brief description of page},
	type = {Choose from the 8 types, choose only 1},
	author = {Environmental Protection Agency },
	urldate = {2020-09-11},
	langid = {english},
	file = {Snapshot:/home/liu/Zufiles/Zotero/storage/VXI4KAYX/outdoor.html:text/html},
	note = {Available at https://19january2017snapshot.epa.gov/www3/watersense/pubs/outdoor.html}
}

@online{epa_watersense_nodate,
	title = {When It's hot},
	url = {https://www.epa.gov/watersense/drought-watersense},
	abstract = {brief description of page},
	type = {Choose from the 8 types, choose only 1},
	author = {Environmental Protection Agency },
	urldate = {2020-09-27},
	langid = {english},
	file = {Snapshot:/home/liu/Zufiles/Zotero/storage/VXI4KAYX/outdoor.html:text/html},
	note = {Available at https://www.epa.gov/watersense/drought-watersense}
}

@online{epa_drought_nodate,
	title = {Drought and Watersense},
	url = {https://www.epa.gov/watersense/drought-watersense},
	abstract = {brief description of page},
	type = {Choose from the 8 types, choose only 1},
	author = {Environmental Protection Agency },
	urldate = {2020-09-27},
	langid = {english},
	file = {Snapshot:/home/liu/Zufiles/Zotero/storage/VXI4KAYX/outdoor.html:text/html},
	note = {Available at https://www.epa.gov/watersense/drought-watersense}
}

@online{us_epa_how_2017,
	title = {How We Use Water},
	url = {https://www.epa.gov/watersense/how-we-use-water},
	abstract = {Less water going down the drain means more water available in the lakes, rivers and streams that we use for recreation and wildlife uses to survive.},
	titleaddon = {{US} {EPA}},
	type = {Overviews and Factsheets},
	author = {{US} {EPA}, {OW}},
	urldate = {2020-09-28},
	date = {2017-01-16},
	langid = {english},
	file = {Snapshot:/home/liu/Zufiles/Zotero/storage/CH7VTME7/how-we-use-water.html:text/html},
	note = {Available at https://www.epa.gov/watersense/how-we-use-water}
}