
@online{noauthor_new_2016,
	title = {New Research Finds Majority of Americans Lack Lawn Care Knowledge},
	url = {https://www.businesswire.com/news/home/20160328005521/en/New-Research-Finds-Majority-Americans-Lack-Lawn},
	abstract = {The National Association of Landscape Professionals is kicking off National Lawn Care Month this April by releasing the results of a survey that takes},
	author = {National Association of Landscape Professionals },
	urldate = {2020-09-11},
	date = {2016-03-28},
	langid = {english},
	note = {Available at https://www.businesswire.com/news/home/20160328005521/en/New-Research-Finds-Majority-Americans-Lack-Lawn}
}

@online{noauthor_new_2019,
	title = {New Research Confirms Americans Still Value Lawns and Green Spaces},
	url = {https://www.businesswire.com/news/home/20190401005679/en/New-Research-Confirms-Americans-Lawns-Green-Spaces},
	abstract = {The National Association of Landscape Professionals announces new findings in celebration of Aprilâ€™s National Lawn Care Month.},
	author = {National Association of Landscape Professionals },
	urldate = {2020-09-11},
	date = {2019-04-01},
	langid = {english},
	note = {Available at https://www.businesswire.com/news/home/20190401005679/en/New-Research-Confirms-Americans-Lawns-Green-Spaces}
}

@online{epa_outdoor_nodate,
	title = {Outdoor Water Use in the United States},
	url = {https://19january2017snapshot.epa.gov/www3/watersense/pubs/outdoor.html},
	abstract = {brief description of page},
	type = {Choose from the 8 types, choose only 1},
	author = {Environmental Protection Agency },
	urldate = {2020-09-11},
	langid = {english},
	note = {Available at https://19january2017snapshot.epa.gov/www3/watersense/pubs/outdoor.html}
}

@online{epa_watersense_nodate,
	title = {When It's hot},
	url = {https://www.epa.gov/watersense/drought-watersense},
	abstract = {brief description of page},
	type = {Choose from the 8 types, choose only 1},
	author = {Environmental Protection Agency },
	urldate = {2020-09-27},
	langid = {english},
	note = {Available at https://www.epa.gov/watersense/drought-watersense}
}

@online{epa_drought_nodate,
	title = {Drought and Watersense},
	url = {https://www.epa.gov/watersense/drought-watersense},
	abstract = {brief description of page},
	type = {Choose from the 8 types, choose only 1},
	author = {Environmental Protection Agency },
	urldate = {2020-09-27},
	langid = {english},
	note = {Available at https://www.epa.gov/watersense/drought-watersense}
}

@online{us_epa_how_2017,
	title = {How We Use Water},
	url = {https://www.epa.gov/watersense/how-we-use-water},
	abstract = {Less water going down the drain means more water available in the lakes, rivers and streams that we use for recreation and wildlife uses to survive.},
	titleaddon = {{US} {EPA}},
	type = {Overviews and Factsheets},
	author = {{US} {EPA}, {OW}},
	urldate = {2020-09-28},
	date = {2017-01-16},
	langid = {english},
	note = {Available at https://www.epa.gov/watersense/how-we-use-water}
}

@online{onsethobo,
	title = {Field Monitoring System Onset Data Loggers},
	url = {https://www.onsetcomp.com/hobonet},
	author = {Onset},
	urldate = {2020-11-03},
	note = {Available at https://www.onsetcomp.com/hobonet}
}

@online{edyn,
    title = {Edyn: Welcome to the connected garden},
    url = {https://www.kickstarter.com/projects/edyn/edyn-welcome-to-the-connected-garden/description},
    author = {Edyn},
    urldate = {2020-11-03},
    note = {Available at https://www.kickstarter.com/projects/edyn/edyn-welcome-to-the-connected-garden/description}
}


@article{noauthor_ieee_2016,
	title = {{IEEE} Standard for Low-Rate Wireless Networks},
	doi = {10.1109/IEEESTD.2016.7460875},
	abstract = {The protocol and compatible interconnection for data communication devices using low-data-rate, low-power, and low-complexity short-range radio frequency ({RF}) transmissions in a wireless personal area network ({WPAN}) are defined in this standard. A variety of physical layers ({PHYs}) have been defined that cover a wide variety of frequency bands.},
	pages = {1--709},
	journaltitle = {{IEEE} Std 802.15.4-2015 (Revision of {IEEE} Std 802.15.4-2011)},
	date = {2016-04},
	note = {Conference Name: {IEEE} Std 802.15.4-2015 (Revision of {IEEE} Std 802.15.4-2011)},
}

@article{noauthor_um10204_2014,
	title = {{UM}10204 I2C-bus specification and user manual},
	volume = {2014},
	pages = {64},
	date = {2014},
	langid = {english},
}

@article{noauthor_ieee_2020,
	title = {{IEEE} Approved Draft Standard for Electrical Characterization of Printed Circuit Board and Related Interconnects at Frequencies up to 50GHz.},
	abstract = {This document provides standard and recommended practices for ensuring the quality of measured data for high frequency electrical interconnect at frequencies up to 50 {GHz}. This might include but is not limited to: recommended design of test fixtures, methods and processes for ensuring the accuracy and consistency of measured data for signals with frequency content up to 50 {GHz}. The standard and general practice should be applicable for frequencies higher than 50 {GHz} as well. The methods and techniques contained herein have been validated only to 50 {GHz} as of this writing.},
	pages = {1--150},
	journaltitle = {P370/D8, July 2020},
	date = {2020-09},
	note = {Conference Name: P370/D8, July 2020},
}


@misc{zigbee_alliance_zigbee_nodate,
	title = {{ZigBee} Specification},
	url = {https://zigbeealliance.org/wp-content/uploads/2019/11/docs-05-3474-21-0csg-zigbee-specification.pdf},
	abstract = {The {ZigBee} Specification describes the infrastructure and services
available to applications operating on the {ZigBee} platform.},
	author = {{ZigBee} Alliance},
}

@article{noauthor_ieee_1993,
	title = {{IEEE} Standard American National Standard Canadian Standard Graphic Symbols for Electrical and Electronics Diagrams (Including Reference Designation Letters)},
	doi = {10.1109/IEEESTD.1993.93397},
	pages = {i--244},
	journaltitle = {{IEEE} Std 315-1975 (Reaffirmed 1993)},
	date = {1993},
	note = {Conference Name: {IEEE} Std 315-1975 (Reaffirmed 1993)},
}